% This file was created with JabRef 2.8.
% Encoding: UTF8

%%%%%% NUESTRAS REFERENCIAS%%%%%%%%%%%%%%%%%%%%%%%%%%%%%%%%%%%%%%%%%%
@article{cardozo2015abordaje,
  title={Abordaje del esguince de tobillo para el m{\'e}dico general},
  author={Cardozo, Diego Fernando Rinc{\'o}n and Rodriguez, Natalia Sauza and Cardozo, Paula Andrea Rinc{\'o}n and others},
  journal={Revista Salud UIS},
  volume={47},
  number={1},
  year={2015}
}

@article{catalan2018tratamiento,
  title={Tratamiento de esguince de tobillo grado II en adultos laboralmente activos: Inmovilizaci{\'o}n contra vendaje funcional},
  author={Catal{\'a}n Rodr{\'\i}guez, Diana Elena and Sierra P{\'e}rez, Mauricio and Ceballos S{\'a}nchez, Jos{\'e} Alonso and Rend{\'o}n Mac{\'\i}as, Mario Enrique},
  journal={Revista de sanidad militar},
  volume={72},
  number={3-4},
  pages={240--245},
  year={2018},
  publisher={Secretar{\'\i}a de la Defensa Nacional, Direcci{\'o}n General de Sanidad}
}



%%%%%%%%%%%%%%%%%%%%%%%%%%%%%%%%%%%%%%%%%%%%%%%%%%%%%%%%%%%

